@book{forsyth,
    title={Computer Vision: A Modern Approach},
    author={Forsyth, David A. and Ponce, Jean},
    year={2003},
    publisher={Prentice Hall}
}

@book{szeliski,
    title={Computer Vision: Algorithms and Applications},
    author={Szeliski, Richard},
    year={2011},
    publisher={Springer Science \& Business Media}
}

@book{creswell,
    title={Research design: Qualitative, quantitative, and mixed methods approaches},
    author={Creswell, John W.},
    year={2014},
    edition={4th},
    publisher={Sage Publications}
}

@book{yin,
    title={Case study research and applications: Design and methods},
    author={Yin, Robert K.},
    year={2018},
    edition={6th},
    publisher={Sage Publications}
}

@book{matlab,
    author = {Gonzalez, Rafael C and Woods, Richard E and Eddins, Steven L},
    title = {Digital image processing using {MATLAB}},
    publisher = {Gatesmark Publishing Knoxville},
    year = {2008},
    isbn = {978-0982085400}
}

@book{geetha,
    title={Machine Learning: Concepts, Techniques and Applications},
    author={Geetha, T.V. and Sendhilkumar, S.},
    isbn={9781003290100},
    lccn={2022051415},
    url={https://books.google.com.br/books?id=hnCezwEACAAJ},
    year={2023},
    publisher={Chapman \& Hall/CRC Press}
}

@article{solomon,
    author = {Solomon, Diane and Davey, Diane and Kurman, Robert and Moriarty, Ann and O'Connor, Dennis and Prey, Marianne and Raab, Stephen and Sherman, Mark and Wilbur, David and Wright, Thomas and Young, Nancy},
    year = {2002},
    month = {05},
    pages = {2114-9},
    title = {The 2001 Bethesda System: Terminology for Reporting Results of Cervical Cytology},
    volume = {287},
    journal = {JAMA : the journal of the American Medical Association},
    doi = {10.1001/jama.287.16.2114}
}